<collection xmlns="http://www.loc.gov/MARC21/slim">
<record>
  <leader>01848nam0a2200337 i 450 </leader>
  <controlfield tag="001">IT\ICCU\CNCE\060527</controlfield>
  <controlfield tag="005">20110204000000.0</controlfield>
  <datafield tag="012" ind1=" " ind2=" ">
    <subfield code="a">e-e- e.s. o-to segu (3) 1599 (R)</subfield>
    <subfield code="2">fei</subfield>
  </datafield>
  <datafield tag="100" ind1=" " ind2=" ">
    <subfield code="a">20050513d1599        0itac0103    ba</subfield>
  </datafield>
  <datafield tag="101" ind1=" " ind2=" ">
    <subfield code="a">LAT</subfield>
  </datafield>
  <datafield tag="102" ind1=" " ind2=" ">
    <subfield code="a">IT</subfield>
  </datafield>
  <datafield tag="200" ind1="1" ind2=" ">
    <subfield code="a">℗Iacobi Mancini Politiani ciuis Pisani, Ioan. fil. ℗Grammaticus, siue grammaticarum institutionum liber, una cum tractatum de syllabarum quantitate ...</subfield>
  </datafield>
  <datafield tag="210" ind1=" " ind2=" ">
    <subfield code="a">Florentiae</subfield>
    <subfield code="c">sumptibus Antonij Cianfi bibliopolae Pisani</subfield>
    <subfield code="d">1599</subfield>
    <subfield code="e">Florentiae</subfield>
    <subfield code="g">apud Michaelemangelum Sermartellium</subfield>
    <subfield code="h">1599</subfield>
  </datafield>
  <datafield tag="215" ind1=" " ind2=" ">
    <subfield code="a">269, \3! p.</subfield>
    <subfield code="d">8ʻ</subfield>
  </datafield>
  <datafield tag="620" ind1=" " ind2=" ">
    <subfield code="a">IT</subfield>
    <subfield code="d">Firenze</subfield>
  </datafield>
  <datafield tag="700" ind1=" " ind2="1">
    <subfield code="a">Mancini,</subfield>
    <subfield code="b">Giacomo</subfield>
    <subfield code="3">IT\ICCU\CNCA\009608</subfield>
  </datafield>
  <datafield tag="712" ind1="0" ind2="0">
    <subfield code="a">Sermartelli, Michelangelo</subfield>
    <subfield code="3">IT\ICCU\CNCT\000045</subfield>
    <subfield code="4">650</subfield>
  </datafield>
  <datafield tag="712" ind1="0" ind2="0">
    <subfield code="a">Cianfi, Antonio</subfield>
    <subfield code="3">IT\ICCU\CNCT\005982</subfield>
    <subfield code="4">650</subfield>
  </datafield>
  <datafield tag="790" ind1=" " ind2="0">
    <subfield code="a">℗il ℗Confuso</subfield>
    <subfield code="3">IT\ICCU\CNCA\020584</subfield>
    <subfield code="z">Mancini, Giacomo</subfield>
  </datafield>
  <datafield tag="790" ind1=" " ind2="0">
    <subfield code="a">Accademico Svegliato</subfield>
    <subfield code="3">IT\ICCU\CNCA\020585</subfield>
    <subfield code="z">Mancini, Giacomo</subfield>
  </datafield>
  <datafield tag="790" ind1=" " ind2="1">
    <subfield code="a">Mancini Poliziano,</subfield>
    <subfield code="b">Iacopo</subfield>
    <subfield code="3">IT\ICCU\CNCA\020594</subfield>
    <subfield code="z">Mancini, Giacomo</subfield>
  </datafield>
  <datafield tag="790" ind1=" " ind2="1">
    <subfield code="a">Mancini,</subfield>
    <subfield code="b">Jacopo</subfield>
    <subfield code="3">IT\ICCU\CNCA\024366</subfield>
    <subfield code="z">Mancini, Giacomo</subfield>
  </datafield>
  <datafield tag="791" ind1="0" ind2="0">
    <subfield code="a">Sermartellius, Michaelangelus</subfield>
    <subfield code="3">IT\ICCU\CNCT\005650</subfield>
    <subfield code="z">Sermartelli, Michelangelo</subfield>
  </datafield>
  <datafield tag="801" ind1=" " ind2="3">
    <subfield code="a">IT</subfield>
    <subfield code="b">ICCU</subfield>
    <subfield code="c">20201115</subfield>
  </datafield>
  <datafield tag="899" ind1=" " ind2=" ">
    <subfield code="a">Pontificia Biblioteca Antoniana. Padova</subfield>
    <subfield code="1">EX0020</subfield>
    <subfield code="2">PUV 78</subfield>
  </datafield>
  <datafield tag="899" ind1=" " ind2=" ">
    <subfield code="a">Biblioteca Riccardiana. Firenze</subfield>
    <subfield code="1">FI0094</subfield>
    <subfield code="2">CFI RF</subfield>
  </datafield>
  <datafield tag="899" ind1=" " ind2=" ">
    <subfield code="a">Biblioteca pedagogica nazionale dell&apos;Istituto Nazionale di Documentazione per l&apos;Innovazione e la Ricerca Educativa. Firenze</subfield>
    <subfield code="1">FI0097</subfield>
    <subfield code="2">ZFI 60</subfield>
  </datafield>
  <datafield tag="899" ind1=" " ind2=" ">
    <subfield code="a">Biblioteca Medicea Laurenziana. Firenze</subfield>
    <subfield code="1">FI0100</subfield>
    <subfield code="2">CFI ML</subfield>
  </datafield>
  <datafield tag="899" ind1=" " ind2=" ">
    <subfield code="a">Biblioteca Vallicelliana. Roma</subfield>
    <subfield code="1">RM0281</subfield>
    <subfield code="2">RML 08</subfield>
  </datafield>
  <datafield tag="911" ind1=" " ind2=" ">
    <subfield code="a">sul front.</subfield>
    <subfield code="9">IT\ICCU\CNCM\001267</subfield>
  </datafield>
  <datafield tag="921" ind1=" " ind2=" ">
    <subfield code="a">IT\ICCU\CNCM\001267</subfield>
    <subfield code="b">Tartaruga che tiene sul guscio una vela. In cornice figurata. In basso iniziale B.</subfield>
    <subfield code="c">U255</subfield>
    <subfield code="d">Dimensioni: 5 x 6</subfield>
    <subfield code="f">TARTARUGA</subfield>
    <subfield code="g">1568-1599</subfield>
  </datafield>
</record>
</collection>
